// remove these, currently just kept for example purposes
@MASTERSTHESIS{murolo2013,
  author = {Alfonso Murolo},
  title = {Designing WordPress Themes by Example},
  school = {ETH Zurich},
  year = {2013},
  timestamp = {2013.09.11}
}

@MISC{wiki:Bibtex,
  author = {Wikipedia},
  title = {BibTeX --- Wikipedia{,} Die freie Enzyklopädie},
  year = {2008},
  note = {[Online; Stand 17. Oktober 2008]},
  url = {http://de.wikipedia.org/}
}

@inproceedings{Zaschke2014,
    author = {Z\"{a}schke, Tilmann and Zimmerli, Christoph and Norrie, Moira C.},
    title = {The PH-tree: A Space-efficient Storage Structure and Multi-dimensional Index},
    booktitle = {Proceedings of the 2014 ACM SIGMOD International Conference on Management of Data},
    series = {SIGMOD '14},
    year = {2014},
    isbn = {978-1-4503-2376-5},
    location = {Snowbird, Utah, USA},
    pages = {397--408},
    numpages = {12},
    url = {http://doi.acm.org/10.1145/2588555.2588564},
    doi = {10.1145/2588555.2588564},
    acmid = {2588564},
    publisher = {ACM},
    address = {New York, NY, USA},
    keywords = {hypercube, multi-dimensional index, patricia-trie, quadtree, skewed data, space efficiency, spatial index},
}

@article{Bentley1975,
 author = {Bentley, Jon Louis},
 title = {Multidimensional Binary Search Trees Used for Associative Searching},
 journal = {Commun. ACM},
 issue_date = {Sept. 1975},
 volume = {18},
 number = {9},
 month = sep,
 year = {1975},
 issn = {0001-0782},
 pages = {509--517},
 numpages = {9},
 url = {http://doi.acm.org/10.1145/361002.361007},
 doi = {10.1145/361002.361007},
 acmid = {361007},
 publisher = {ACM},
 address = {New York, NY, USA},
 keywords = {associative retrieval, attribute, binary search trees, binary tree insertion, information retrieval system, intersection queries, key, nearest neighbor queries, partial match queries},
} 

@article{FinkelB74,
  added-at = {2011-01-11T00:00:00.000+0100},
  author = {Finkel, Raphael A. and Bentley, Jon Louis},
  biburl = {http://www.bibsonomy.org/bibtex/214f6ee1dbabe35b8e7304bdcae531454/dblp},
  ee = {http://dx.doi.org/10.1007/BF00288933},
  interhash = {c8408388c8a15802fe356df79ffc4308},
  intrahash = {14f6ee1dbabe35b8e7304bdcae531454},
  journal = {Acta Inf.},
  keywords = {dblp},
  pages = {1-9},
  timestamp = {2011-01-12T11:32:22.000+0100},
  title = {Quad Trees: A Data Structure for Retrieval on Composite Keys.},
  url = {http://dblp.uni-trier.de/db/journals/acta/acta4.html#FinkelB74},
  volume = 4,
  year = 1974
}

@TECHREPORT{Zhang04skipindex,
    author = {Chi Zhang and Arvind Krishnamurthy},
    title = {Skipindex: Towards a scalable peer-to-peer index service for high dimensional data},
    institution = {Princeton Univ},
    year = {2004}
}

@INPROCEEDINGS{Liao2010HadoopIndex,
author={Haojun Liao and Jizhong Han and Jinyun Fang},
booktitle={Networking, Architecture and Storage (NAS), 2010 IEEE Fifth International Conference on},
title={Multi-dimensional Index on Hadoop Distributed File System},
year={2010},
month={July},
pages={240-249},
keywords={data structures;distributed databases;query processing;Hadoop distributed file system;buffer management;built-in block-based hierarchical index structure;data transfer overhead;data transfer protocol;index node size;index organization;multidimensional index;query performance;query response time;query types;semi-structured data management;Distributed databases;Indexes;Protocols;Query processing;Servers;Time factors;HDFS;Hadoop;Multi-dimensional index;Query processing},
doi={10.1109/NAS.2010.44},}
